2984 4898
309 811 365 912 Q.
407 812 738 957 nouom
780 753 1056 908 u'uoccl

569 1058 812 1192 VITA,-

671 1317 692 1364 E

504 1493 859 1577 SUETONIO.

606 1766 644 1771 —-.
651 1765 758 1772 -·----.

65 1985 318 2071 QUINTUS
346 1987 633 2064 HORATIUS
662 1987 919 2077 FLACCUS,
952 1989 1153 2076 Venusinus,
1176 2001 1296 2085 patre,

62 2122 98 2182 ut
123 2113 198 2207 ipse
224 2113 363 2209 quidem
389 2115 512 2202 tradit,
540 2115 715 2202 libertino,
743 2126 777 2189 et
802 2115 1020 2189 eoactimum
1047 2125 1229 2188 coactum:
1255 2125 1294 2186 ut

63 2235 139 2307 vert
160 2237 333 2310 creditum
363 2237 740 2326 esmoimmmturio:
764 2264 866 2336 quum
889 2239 944 2312 illi
965 2239 1105 2335 quidum
1128 2239 1164 2310 in
1187 2238 1295 2310 alter·

62 2359 194 2433 cutione
210 2361 470 2458 esprotrtuet,
482 2364 636 2446 Quoties
651 2386 720 2460 ego
738 2363 812 2437 vidi
828 2370 970 2460 patrem
988 2372 1094 2438 tuum
1112 2362 1236 2436 cubito
1254 2385 1293 2434 se

62 2491 345 2582 emungentem!
399 2488 505 2560 Bello
522 2487 743 2584 Philippemi
769 2489 902 2560 euoitm
925 2484 950 2560 ὰ
966 2487 1023 2560 Μ.
1041 2487 1159 2561 Bruto
1177 2488 1294 2583 Impe-

62 2619 189 2696 ratore,
228 2610 403 2683 Tribunus
434 2612 582 2685 miiitum
611 2612 761 2685 meruit:
790 2612 955 2708 uictisque
983 2611 1160 2708 portibus,
1191 2609 1292 2684 uem'ti

61 2732 261 2827 impetrato,
277 2735 444 2831 omittam
460 2736 694 2822 Quoestorium
712 2737 927 2832 comparauit
937 2762 950 2808 .·
973 2760 1015 2808 uc
1026 2735 1145 2832 primi
1158 2735 1291 2809 Μωσε-

60 2857 144 2943 nuti,
170 2882 254 2930 mou
269 2858 437 2958 Augusto
462 2861 499 2932 in
523 2859 683 2958 gratiam
708 2859 914 2947 insinuatus,
940 2885 1008 2934 non
1032 2860 1235 2932 mediocrem
1252 2862 1288 2933 in

61 2981 234 3055 authorum
264 2983 422 3058 amit-itit
451 2985 562 3057 locum
593 2986 712 3058 tenuit.
766 2984 945 3057 Moeoenao
974 2980 1188 3081 quantoperi
1214 3009 1290 3056 eum

60 3105 232 3196 dilexerit,
249 3109 338 3182 satis
355 3110 612 3184 demmutratur
628 3110 690 3182 itto
707 3109 993 3207 Epigrammote‚
1097 3213 1100 3220 Ι

377 3283 417 3342 Ni
431 3295 460 3344 te
474 3283 633 3344 visceribus
647 3285 728 3355 meio,
742 3284 858 3354 Horati,

381 3388 451 3448 Plus
461 3389 524 3467 jum
538 3389 637 3468 diligo,
652 3403 684 3448 tu
698 3399 781 3448 tuum
794 3387 923 3448 sodalem

380 3493 480 3554 Hiuno
492 3513 540 3554 me
553 3495 652 3554 videus
664 3493 872 3572 strigosiorem.

63 3644 128 3714 Sed
141 3647 250 3719 multi
268 3645 383 3746 magis
400 3649 576 3736 extremis,
600 3649 667 3722 tati
691 3649 740 3721 ad
753 3649 957 3746 Augustum
973 3647 1113 3745 elogio:
1140 3647 1284 3721 Horatii

63 3765 185 3856 Flacci,
204 3779 249 3844 ut
272 3771 358 3859 mei,
382 3780 462 3847 esto
484 3795 637 3847 memor.
690 3773 875 3870 Augustus
891 3771 1136 3868 Epistomrum
1153 3795 1285 3868 quoquo

61 3891 254 3991 eteffcium
278 3896 415 3985 obtulit,
440 3910 480 3972 ut
513 3900 578 3973 ltoc
603 3899 652 3971 ad
676 3898 908 3972 Moeoenutem
930 3897 1060 3993 scripto
1083 3894 1284 3993 siguificat:

61 4017 149 4094 Anto
170 4021 249 4118 ipse
272 4022 496 4097 sufficiebam
520 4022 718 4098 scribendis
746 4022 907 4120 epistolis
935 4020 1156 4094 amicorum:
1182 4043 1282 4096 nuno

60 4146 352 4242 occupatissimus
371 4157 408 4220 et
430 4147 598 4222 infirmus
616 4147 814 4223 Horatium
835 4155 1003 4222 nostrum
1026 4153 1065 4220 te
1087 4146 1195 4242 cupio
1219 4146 1283 4220 ud·

59 4263 193 4344 ducere.
255 4271 389 4344 Veniet
416 4272 527 4369 igitur
554 4273 600 4348 ab
627 4273 699 4348 isto
727 4270 921 4371 parasitico
950 4270 1079 4344 mensi
1108 4269 1155 4344 ad
1185 4268 1280 4344 hanc

59 4395 196 4489 regiam,
213 4407 251 4470 et
268 4422 338 4472 nos
355 4399 390 4472 in
409 4397 568 4497 epistolis
587 4399 787 4474 scribendis
804 4395 1000 4495 adjuvabit.
1053 4396 1110 4468 Ao
1126 4421 1168 4468 ne
1184 4419 1282 4468 recu·

862 4527 905 4595 13
