<?xml version="1.0" encoding="UTF-8"?>
<!DOCTYPE html PUBLIC "-//W3C//DTD XHTML 1.0 Transitional//EN"
    "http://www.w3.org/TR/xhtml1/DTD/xhtml1-transitional.dtd">
<html xmlns="http://www.w3.org/1999/xhtml" xml:lang="en" lang="en">
 <head>
  <title>
</title>
<meta http-equiv="Content-Type" content="text/html;charset=utf-8" />
  <meta name='ocr-system' content='tesseract 3.04.00' />
  <meta name='ocr-capabilities' content='ocr_page ocr_carea ocr_par ocr_line ocrx_word'/>
</head>
<body>
  <div class='ocr_page' id='page_1' title='image "./opera01horagoog_0012.png"; bbox 0 0 2984 4898; ppageno 0'>
   <div class='ocr_carea' id='block_1_1' title="bbox 202 229 988 300">
    <p class='ocr_par' dir='ltr' id='par_1_1' title="bbox 202 229 988 300">
     <span class='ocr_line' id='line_1_1' title="bbox 202 229 988 300; baseline 0.01 -9"><span class='ocrx_word' id='word_1_1' title='bbox 202 229 234 292; x_wconf 80' lang='lat' dir='ltr'><strong><em>ri</em></strong></span> <span class='ocrx_word' id='word_1_2' title='bbox 652 233 848 300; x_wconf 86' lang='lat' dir='ltr'>HORATII</span> <span class='ocrx_word' id='word_1_3' title='bbox 870 235 988 299; x_wconf 85' lang='lat' dir='ltr'><strong>VITA.</strong></span> 
     </span>
    </p>
   </div>
   <div class='ocr_carea' id='block_1_2' title="bbox 187 411 1459 3123">
    <p class='ocr_par' dir='ltr' id='par_1_2' title="bbox 187 411 1459 3123">
     <span class='ocr_line' id='line_1_2' title="bbox 207 411 1459 515; baseline -0.001 -30"><span class='ocrx_word' id='word_1_4' title='bbox 207 411 301 486; x_wconf 82' lang='lat' dir='ltr'><strong><em>aartti</em></strong></span> <span class='ocrx_word' id='word_1_5' title='bbox 330 413 465 509; x_wconf 83' lang='lat' dir='ltr'><strong><em>quidem</em></strong></span> <span class='ocrx_word' id='word_1_6' title='bbox 493 426 555 488; x_wconf 89' lang='lat' dir='ltr'><strong><em>aut</em></strong></span> <span class='ocrx_word' id='word_1_7' title='bbox 584 417 775 490; x_wconf 73' lang='lat' dir='ltr'><em>succensuit</em></span> <span class='ocrx_word' id='word_1_8' title='bbox 805 418 999 515; x_wconf 82' lang='lat' dir='ltr'><strong><em>quicquam,</em></strong></span> <span class='ocrx_word' id='word_1_9' title='bbox 1029 427 1091 490; x_wconf 89' lang='lat' dir='ltr'><strong><em>aut</em></strong></span> <span class='ocrx_word' id='word_1_10' title='bbox 1122 415 1314 488; x_wconf 78' lang='lat' dir='ltr'><strong><em>amicitiam</em></strong></span> <span class='ocrx_word' id='word_1_11' title='bbox 1343 437 1459 485; x_wconf 90' lang='lat' dir='ltr'><strong><em>suam</em></strong></span> 
     </span>
     <span class='ocr_line' id='line_1_3' title="bbox 208 535 1459 639; baseline 0.001 -31"><span class='ocrx_word' id='word_1_12' title='bbox 208 559 398 634; x_wconf 79' lang='lat' dir='ltr'><strong><em>suggerere</em></strong></span> <span class='ocrx_word' id='word_1_13' title='bbox 431 539 575 612; x_wconf 76' lang='lat' dir='ltr'><strong><em>destitit.</em></strong></span> <span class='ocrx_word' id='word_1_14' title='bbox 640 540 783 614; x_wconf 78' lang='lat' dir='ltr'><strong><em>Extant</em></strong></span> <span class='ocrx_word' id='word_1_15' title='bbox 818 535 985 639; x_wconf 77' lang='lat' dir='ltr'><strong><em>epistola,</em></strong></span> <span class='ocrx_word' id='word_1_16' title='bbox 1019 539 1040 616; x_wconf 76' lang='grc' dir='ltr'><em>ὲ</em></span> <span class='ocrx_word' id='word_1_17' title='bbox 1071 541 1206 638; x_wconf 82' lang='lat' dir='ltr'><strong><em>quibus,</em></strong></span> <span class='ocrx_word' id='word_1_18' title='bbox 1240 538 1459 638; x_wconf 85' lang='lat' dir='ltr'><strong><em>argumenti</em></strong></span> 
     </span>
     <span class='ocr_line' id='line_1_4' title="bbox 206 659 1458 763; baseline 0.002 -30"><span class='ocrx_word' id='word_1_19' title='bbox 206 659 344 758; x_wconf 81' lang='lat' dir='ltr'><strong><em>gratid,</em></strong></span> <span class='ocrx_word' id='word_1_20' title='bbox 355 687 474 758; x_wconf 84' lang='lat' dir='ltr'><strong><em>pauca</em></strong></span> <span class='ocrx_word' id='word_1_21' title='bbox 489 661 626 760; x_wconf 52' lang='lat' dir='ltr'><strong><em>suffeci.</em></strong></span> <span class='ocrx_word' id='word_1_22' title='bbox 680 665 793 739; x_wconf 89' lang='lat' dir='ltr'><strong><em>Sume</em></strong></span> <span class='ocrx_word' id='word_1_23' title='bbox 810 667 877 740; x_wconf 92' lang='lat' dir='ltr'><strong><em>tibi</em></strong></span> <span class='ocrx_word' id='word_1_24' title='bbox 894 665 1030 763; x_wconf 88' lang='lat' dir='ltr'><strong><em>aliquid</em></strong></span> <span class='ocrx_word' id='word_1_25' title='bbox 1043 664 1136 762; x_wconf 86' lang='lat' dir='ltr'><strong><em>juris</em></strong></span> <span class='ocrx_word' id='word_1_26' title='bbox 1153 664 1251 762; x_wconf 92' lang='lat' dir='ltr'><strong><em>apud</em></strong></span> <span class='ocrx_word' id='word_1_27' title='bbox 1268 687 1344 750; x_wconf 85' lang='lat' dir='ltr'><strong><em>me,</em></strong></span> <span class='ocrx_word' id='word_1_28' title='bbox 1364 671 1458 736; x_wconf 88' lang='lat' dir='ltr'><strong><em>tan-</em></strong></span> 
     </span>
     <span class='ocr_line' id='line_1_5' title="bbox 212 775 1456 881; baseline 0.002 -24"><span class='ocrx_word' id='word_1_29' title='bbox 212 808 323 881; x_wconf 84' lang='lat' dir='ltr'><strong><em>quam</em></strong></span> <span class='ocrx_word' id='word_1_30' title='bbox 349 785 379 858; x_wconf 94' lang='lat' dir='ltr'><strong><em>si</em></strong></span> <span class='ocrx_word' id='word_1_31' title='bbox 402 787 593 862; x_wconf 89' lang='lat' dir='ltr'><strong><em>convictor</em></strong></span> <span class='ocrx_word' id='word_1_32' title='bbox 616 786 706 861; x_wconf 93' lang='lat' dir='ltr'><strong><em>mihi</em></strong></span> <span class='ocrx_word' id='word_1_33' title='bbox 727 775 849 862; x_wconf 79' lang='lat' dir='ltr'><strong><em>suetis.</em></strong></span> <span class='ocrx_word' id='word_1_34' title='bbox 900 789 1017 863; x_wconf 79' lang='lat' dir='ltr'><strong><em>Recte</em></strong></span> <span class='ocrx_word' id='word_1_35' title='bbox 1034 788 1133 863; x_wconf 88' lang='lat' dir='ltr'><strong><em>enim</em></strong></span> <span class='ocrx_word' id='word_1_36' title='bbox 1150 797 1187 862; x_wconf 89' lang='lat' dir='ltr'><strong><em>et</em></strong></span> <span class='ocrx_word' id='word_1_37' title='bbox 1204 811 1281 862; x_wconf 90' lang='lat' dir='ltr'><strong><em>non</em></strong></span> <span class='ocrx_word' id='word_1_38' title='bbox 1300 789 1456 861; x_wconf 73' lang='lat' dir='ltr'><strong><em>temere</em></strong></span> 
     </span>
     <span class='ocr_line' id='line_1_6' title="bbox 209 909 1455 1010; baseline 0.001 -28"><span class='ocrx_word' id='word_1_39' title='bbox 209 909 351 999; x_wconf 80' lang='lat' dir='ltr'><strong><em>feceris,</em></strong></span> <span class='ocrx_word' id='word_1_40' title='bbox 369 912 543 1007; x_wconf 88' lang='lat' dir='ltr'><strong><em>quoniam</em></strong></span> <span class='ocrx_word' id='word_1_41' title='bbox 559 911 597 984; x_wconf 92' lang='lat' dir='ltr'><strong><em>id</em></strong></span> <span class='ocrx_word' id='word_1_42' title='bbox 614 912 703 985; x_wconf 87' lang='lat' dir='ltr'><strong><em>usils</em></strong></span> <span class='ocrx_word' id='word_1_43' title='bbox 720 911 810 985; x_wconf 90' lang='lat' dir='ltr'><strong><em>mihi</em></strong></span> <span class='ocrx_word' id='word_1_44' title='bbox 831 921 957 987; x_wconf 89' lang='lat' dir='ltr'><strong><em>tecum</em></strong></span> <span class='ocrx_word' id='word_1_45' title='bbox 980 937 1059 988; x_wconf 86' lang='lat' dir='ltr'><strong><em>esse</em></strong></span> <span class='ocrx_word' id='word_1_46' title='bbox 1078 913 1189 1000; x_wconf 89' lang='lat' dir='ltr'><strong><em>volui,</em></strong></span> <span class='ocrx_word' id='word_1_47' title='bbox 1213 913 1244 986; x_wconf 89' lang='lat' dir='ltr'><strong><em>si</em></strong></span> <span class='ocrx_word' id='word_1_48' title='bbox 1260 935 1328 1010; x_wconf 86' lang='lat' dir='ltr'><strong><em>per</em></strong></span> <span class='ocrx_word' id='word_1_49' title='bbox 1345 911 1455 986; x_wconf 89' lang='lat' dir='ltr'><strong><em>vale·</em></strong></span> 
     </span>
     <span class='ocr_line' id='line_1_7' title="bbox 210 1033 1451 1134; baseline 0 -26"><span class='ocrx_word' id='word_1_50' title='bbox 210 1033 376 1108; x_wconf 88' lang='lat' dir='ltr'><strong><em>tudinem</em></strong></span> <span class='ocrx_word' id='word_1_51' title='bbox 394 1042 497 1109; x_wconf 89' lang='lat' dir='ltr'><strong><em>tuam</em></strong></span> <span class='ocrx_word' id='word_1_52' title='bbox 510 1034 588 1109; x_wconf 86' lang='lat' dir='ltr'><strong><em>fieri</em></strong></span> <span class='ocrx_word' id='word_1_53' title='bbox 604 1044 740 1133; x_wconf 88' lang='lat' dir='ltr'><strong><em>posset.</em></strong></span> <span class='ocrx_word' id='word_1_54' title='bbox 783 1037 839 1110; x_wconf 88' lang='lat' dir='ltr'><strong><em>Et</em></strong></span> <span class='ocrx_word' id='word_1_55' title='bbox 855 1061 975 1110; x_wconf 78' lang='lat' dir='ltr'><strong><em>rursm</em></strong></span> <span class='ocrx_word' id='word_1_56' title='bbox 985 1063 999 1110; x_wconf 91' lang='lat'><strong><em>.·</em></strong></span> <span class='ocrx_word' id='word_1_57' title='bbox 1026 1037 1100 1111; x_wconf 89' lang='lat' dir='ltr'><strong><em>Tui</em></strong></span> <span class='ocrx_word' id='word_1_58' title='bbox 1117 1036 1266 1134; x_wconf 88' lang='lat' dir='ltr'><strong><em>qualem</em></strong></span> <span class='ocrx_word' id='word_1_59' title='bbox 1282 1035 1451 1110; x_wconf 83' lang='lat' dir='ltr'><strong><em>habeam</em></strong></span> 
     </span>
     <span class='ocr_line' id='line_1_8' title="bbox 211 1159 1451 1259; baseline -0.001 -27"><span class='ocrx_word' id='word_1_60' title='bbox 211 1159 438 1246; x_wconf 85' lang='lat' dir='ltr'><strong><em>memoriam,</em></strong></span> <span class='ocrx_word' id='word_1_61' title='bbox 453 1159 590 1256; x_wconf 87' lang='lat' dir='ltr'><strong><em>poteris</em></strong></span> <span class='ocrx_word' id='word_1_62' title='bbox 608 1183 655 1233; x_wconf 86' lang='lat' dir='ltr'><strong><em>ex</em></strong></span> <span class='ocrx_word' id='word_1_63' title='bbox 673 1159 851 1259; x_wconf 90' lang='lat' dir='ltr'><strong><em>Septimio</em></strong></span> <span class='ocrx_word' id='word_1_64' title='bbox 869 1186 1017 1259; x_wconf 91' lang='lat' dir='ltr'><strong><em>quoque</em></strong></span> <span class='ocrx_word' id='word_1_65' title='bbox 1033 1171 1162 1236; x_wconf 90' lang='lat' dir='ltr'><strong><em>nostro</em></strong></span> <span class='ocrx_word' id='word_1_66' title='bbox 1180 1159 1328 1234; x_wconf 88' lang='lat' dir='ltr'><strong><em>audire:</em></strong></span> <span class='ocrx_word' id='word_1_67' title='bbox 1354 1183 1451 1232; x_wconf 89' lang='lat' dir='ltr'><strong><em>nam</em></strong></span> 
     </span>
     <span class='ocr_line' id='line_1_9' title="bbox 209 1282 1450 1382; baseline 0 -27"><span class='ocrx_word' id='word_1_68' title='bbox 209 1282 339 1358; x_wconf 89' lang='lat' dir='ltr'><strong><em>incidit</em></strong></span> <span class='ocrx_word' id='word_1_69' title='bbox 351 1290 393 1356; x_wconf 87' lang='lat' dir='ltr'><strong><em>ut</em></strong></span> <span class='ocrx_word' id='word_1_70' title='bbox 410 1306 535 1358; x_wconf 88' lang='lat' dir='ltr'><strong><em>coram</em></strong></span> <span class='ocrx_word' id='word_1_71' title='bbox 551 1283 614 1358; x_wconf 93' lang='lat' dir='ltr'><strong><em>illo</em></strong></span> <span class='ocrx_word' id='word_1_72' title='bbox 628 1283 733 1358; x_wconf 86' lang='lat' dir='ltr'><strong><em>fieret</em></strong></span> <span class='ocrx_word' id='word_1_73' title='bbox 750 1287 773 1358; x_wconf 77' lang='lat' dir='ltr'><strong><em>a</em></strong></span> <span class='ocrx_word' id='word_1_74' title='bbox 790 1307 849 1359; x_wconf 90' lang='lat' dir='ltr'><strong><em>me</em></strong></span> <span class='ocrx_word' id='word_1_75' title='bbox 865 1285 921 1360; x_wconf 88' lang='lat' dir='ltr'><strong><em>tui</em></strong></span> <span class='ocrx_word' id='word_1_76' title='bbox 939 1287 1089 1362; x_wconf 88' lang='lat' dir='ltr'><strong><em>mentio.</em></strong></span> <span class='ocrx_word' id='word_1_77' title='bbox 1133 1287 1267 1382; x_wconf 89' lang='lat' dir='ltr'>Neque</span> <span class='ocrx_word' id='word_1_78' title='bbox 1283 1283 1399 1371; x_wconf 89' lang='lat' dir='ltr'><strong><em>enim,</em></strong></span> <span class='ocrx_word' id='word_1_79' title='bbox 1417 1283 1450 1356; x_wconf 88' lang='lat' dir='ltr'><strong><em>si</em></strong></span> 
     </span>
     <span class='ocr_line' id='line_1_10' title="bbox 212 1407 1447 1508; baseline 0 -28"><span class='ocrx_word' id='word_1_80' title='bbox 212 1415 255 1480; x_wconf 89' lang='lat' dir='ltr'><strong><em>tu</em></strong></span> <span class='ocrx_word' id='word_1_81' title='bbox 278 1407 456 1503; x_wconf 88' lang='lat' dir='ltr'><strong><em>superbus</em></strong></span> <span class='ocrx_word' id='word_1_82' title='bbox 478 1407 674 1482; x_wconf 82' lang='lat' dir='ltr'><strong><em>amicitiam</em></strong></span> <span class='ocrx_word' id='word_1_83' title='bbox 698 1415 862 1482; x_wconf 86' lang='lat' dir='ltr'><strong><em>nostram</em></strong></span> <span class='ocrx_word' id='word_1_84' title='bbox 887 1411 1067 1508; x_wconf 84' lang='lat' dir='ltr'><strong><em>sprevisti,</em></strong></span> <span class='ocrx_word' id='word_1_85' title='bbox 1089 1410 1172 1484; x_wconf 89' lang='lat' dir='ltr'><strong><em>ideo</em></strong></span> <span class='ocrx_word' id='word_1_86' title='bbox 1195 1433 1264 1483; x_wconf 91' lang='lat' dir='ltr'><strong><em>nos</em></strong></span> <span class='ocrx_word' id='word_1_87' title='bbox 1292 1431 1447 1505; x_wconf 90' lang='lat' dir='ltr'><strong><em>quoque</em></strong></span> 
     </span>
     <span class='ocr_line' id='line_1_11' title="bbox 212 1529 1446 1632; baseline 0.002 -30"><span class='ocrx_word' id='word_1_88' title='bbox 212 1529 543 1628; x_wconf 75' lang='grc' dir='ltr'>ἆυθυπερφρονοῦμεν.</span> <span class='ocrx_word' id='word_1_89' title='bbox 584 1535 768 1608; x_wconf 78' lang='lat' dir='ltr'><strong><em>Praeterea</em></strong></span> <span class='ocrx_word' id='word_1_90' title='bbox 784 1559 875 1631; x_wconf 86' lang='lat' dir='ltr'><strong><em>soepe</em></strong></span> <span class='ocrx_word' id='word_1_91' title='bbox 892 1561 980 1623; x_wconf 88' lang='lat' dir='ltr'><strong><em>eum,</em></strong></span> <span class='ocrx_word' id='word_1_92' title='bbox 997 1537 1089 1610; x_wconf 88' lang='lat' dir='ltr'><strong><em>inter</em></strong></span> <span class='ocrx_word' id='word_1_93' title='bbox 1102 1536 1190 1609; x_wconf 86' lang='lat' dir='ltr'><strong><em>alias</em></strong></span> <span class='ocrx_word' id='word_1_94' title='bbox 1196 1535 1311 1632; x_wconf 87' lang='lat' dir='ltr'><strong><em>jocos,</em></strong></span> <span class='ocrx_word' id='word_1_95' title='bbox 1329 1532 1446 1630; x_wconf 90' lang='lat' dir='ltr'><strong><em>putis-</em></strong></span> 
     </span>
     <span class='ocr_line' id='line_1_12' title="bbox 213 1655 1448 1757; baseline 0 -29"><span class='ocrx_word' id='word_1_96' title='bbox 213 1655 345 1730; x_wconf 91' lang='lat' dir='ltr'><strong><em>simum</em></strong></span> <span class='ocrx_word' id='word_1_97' title='bbox 363 1680 497 1753; x_wconf 89' lang='lat' dir='ltr'><strong><em>penem</em></strong></span> <span class='ocrx_word' id='word_1_98' title='bbox 515 1666 553 1732; x_wconf 87' lang='lat' dir='ltr'><strong><em>et</em></strong></span> <span class='ocrx_word' id='word_1_99' title='bbox 570 1657 854 1732; x_wconf 89' lang='lat' dir='ltr'><strong><em>homuncionem</em></strong></span> <span class='ocrx_word' id='word_1_100' title='bbox 871 1658 1136 1757; x_wconf 90' lang='lat' dir='ltr'><strong><em>lepidissimum</em></strong></span> <span class='ocrx_word' id='word_1_101' title='bbox 1152 1657 1333 1755; x_wconf 80' lang='lat' dir='ltr'><strong><em>appellat:</em></strong></span> <span class='ocrx_word' id='word_1_102' title='bbox 1357 1655 1448 1729; x_wconf 84' lang='lat' dir='ltr'><strong><em>unci·</em></strong></span> 
     </span>
     <span class='ocr_line' id='line_1_13' title="bbox 213 1780 1446 1880; baseline 0.001 -28"><span class='ocrx_word' id='word_1_103' title='bbox 213 1805 278 1875; x_wconf 87' lang='lat' dir='ltr'><strong><em>que</em></strong></span> <span class='ocrx_word' id='word_1_104' title='bbox 304 1793 339 1853; x_wconf 90' lang='lat' dir='ltr'><strong><em>et</em></strong></span> <span class='ocrx_word' id='word_1_105' title='bbox 368 1780 485 1853; x_wconf 74' lang='lat' dir='ltr'><strong><em>altat</em></strong></span> <span class='ocrx_word' id='word_1_106' title='bbox 514 1781 726 1856; x_wconf 85' lang='lat' dir='ltr'><strong><em>liberalitate</em></strong></span> <span class='ocrx_word' id='word_1_107' title='bbox 754 1783 987 1880; x_wconf 83' lang='lat' dir='ltr'><strong><em>locupletavit.</em></strong></span> <span class='ocrx_word' id='word_1_108' title='bbox 1039 1785 1183 1880; x_wconf 82' lang='lat' dir='ltr'><strong><em>Scripta</em></strong></span> <span class='ocrx_word' id='word_1_109' title='bbox 1208 1781 1345 1879; x_wconf 85' lang='lat' dir='ltr'><strong><em>quidem</em></strong></span> <span class='ocrx_word' id='word_1_110' title='bbox 1370 1780 1446 1876; x_wconf 87' lang='lat' dir='ltr'><strong><em>ejus</em></strong></span> 
     </span>
     <span class='ocr_line' id='line_1_14' title="bbox 211 1905 1444 2004; baseline -0.002 -27"><span class='ocrx_word' id='word_1_111' title='bbox 211 1929 317 2001; x_wconf 87' lang='lat' dir='ltr'><strong><em>usque</em></strong></span> <span class='ocrx_word' id='word_1_112' title='bbox 346 1905 433 1977; x_wconf 76' lang='lat' dir='ltr'><strong><em>adei</em></strong></span> <span class='ocrx_word' id='word_1_113' title='bbox 456 1906 634 2002; x_wconf 85' lang='lat' dir='ltr'><strong><em>probauit,</em></strong></span> <span class='ocrx_word' id='word_1_114' title='bbox 657 1931 887 2003; x_wconf 86' lang='lat' dir='ltr'><strong><em>mansuraque</em></strong></span> <span class='ocrx_word' id='word_1_115' title='bbox 909 1908 1082 2004; x_wconf 74' lang='lat' dir='ltr'><strong><em>perpetui</em></strong></span> <span class='ocrx_word' id='word_1_116' title='bbox 1111 1906 1271 1991; x_wconf 85' lang='lat' dir='ltr'><strong><em>credidit,</em></strong></span> <span class='ocrx_word' id='word_1_117' title='bbox 1305 1916 1346 1976; x_wconf 90' lang='lat' dir='ltr'><strong><em>ut</em></strong></span> <span class='ocrx_word' id='word_1_118' title='bbox 1377 1929 1444 1976; x_wconf 88' lang='lat' dir='ltr'><strong><em>nan</em></strong></span> 
     </span>
     <span class='ocr_line' id='line_1_15' title="bbox 213 2027 1445 2126; baseline 0 -26"><span class='ocrx_word' id='word_1_119' title='bbox 213 2027 313 2101; x_wconf 74' lang='lat' dir='ltr'><strong><em>modi</em></strong></span> <span class='ocrx_word' id='word_1_120' title='bbox 327 2028 505 2101; x_wconf 85' lang='lat' dir='ltr'><strong><em>Soeculare</em></strong></span> <span class='ocrx_word' id='word_1_121' title='bbox 520 2028 670 2102; x_wconf 84' lang='lat' dir='ltr'><strong><em>Carmen</em></strong></span> <span class='ocrx_word' id='word_1_122' title='bbox 687 2030 954 2125; x_wconf 84' lang='lat' dir='ltr'><strong><em>componendum</em></strong></span> <span class='ocrx_word' id='word_1_123' title='bbox 971 2030 1174 2126; x_wconf 76' lang='lat' dir='ltr'><strong><em>injunxerit,</em></strong></span> <span class='ocrx_word' id='word_1_124' title='bbox 1186 2029 1250 2102; x_wconf 85' lang='lat' dir='ltr'><strong><em>sed</em></strong></span> <span class='ocrx_word' id='word_1_125' title='bbox 1259 2040 1295 2101; x_wconf 93' lang='lat' dir='ltr'><strong><em>et</em></strong></span> <span class='ocrx_word' id='word_1_126' title='bbox 1315 2029 1352 2100; x_wconf 83' lang='lat' dir='ltr'><em>V</em></span> <span class='ocrx_word' id='word_1_127' title='bbox 1350 2029 1445 2101; x_wconf 84' lang='lat' dir='ltr'><strong><em>inde-</em></strong></span> 
     </span>
     <span class='ocr_line' id='line_1_16' title="bbox 215 2152 1445 2253; baseline -0.001 -29"><span class='ocrx_word' id='word_1_128' title='bbox 215 2152 317 2225; x_wconf 84' lang='lat' dir='ltr'><strong><em>licum</em></strong></span> <span class='ocrx_word' id='word_1_129' title='bbox 336 2153 516 2226; x_wconf 85' lang='lat' dir='ltr'><strong><em>nictoriam</em></strong></span> <span class='ocrx_word' id='word_1_130' title='bbox 539 2153 671 2226; x_wconf 85' lang='lat' dir='ltr'><strong><em>Tiberii</em></strong></span> <span class='ocrx_word' id='word_1_131' title='bbox 688 2155 879 2251; x_wconf 76' lang='lat' dir='ltr'><strong><em>Drusique,</em></strong></span> <span class='ocrx_word' id='word_1_132' title='bbox 901 2155 1147 2253; x_wconf 79' lang='lat' dir='ltr'><strong><em>privignorum</em></strong></span> <span class='ocrx_word' id='word_1_133' title='bbox 1164 2177 1328 2235; x_wconf 89' lang='lat' dir='ltr'><strong><em>suarum;</em></strong></span> <span class='ocrx_word' id='word_1_134' title='bbox 1353 2177 1445 2224; x_wconf 89' lang='lat' dir='ltr'><strong><em>eum-</em></strong></span> 
     </span>
     <span class='ocr_line' id='line_1_17' title="bbox 187 2277 1442 2375; baseline -0.002 -26"><span class='ocrx_word' id='word_1_135' title='bbox 187 2355 191 2362; x_wconf 57' lang='lat'><strong><em>,</em></strong></span> <span class='ocrx_word' id='word_1_136' title='bbox 213 2303 278 2373; x_wconf 87' lang='lat' dir='ltr'><strong><em>que</em></strong></span> <span class='ocrx_word' id='word_1_137' title='bbox 290 2277 445 2375; x_wconf 75' lang='lat' dir='ltr'><strong><em>caigerit</em></strong></span> <span class='ocrx_word' id='word_1_138' title='bbox 455 2290 605 2375; x_wconf 83' lang='lat' dir='ltr'><strong><em>propter</em></strong></span> <span class='ocrx_word' id='word_1_139' title='bbox 618 2278 694 2367; x_wconf 76' lang='lat' dir='ltr'><strong><em>leae,</em></strong></span> <span class='ocrx_word' id='word_1_140' title='bbox 712 2277 823 2352; x_wconf 87' lang='lat' dir='ltr'><strong><em>tribus</em></strong></span> <span class='ocrx_word' id='word_1_141' title='bbox 835 2279 1025 2352; x_wconf 88' lang='lat' dir='ltr'><strong><em>carminum</em></strong></span> <span class='ocrx_word' id='word_1_142' title='bbox 1046 2278 1144 2350; x_wconf 89' lang='lat' dir='ltr'><strong><em>libris</em></strong></span> <span class='ocrx_word' id='word_1_143' title='bbox 1161 2277 1324 2374; x_wconf 86' lang='lat' dir='ltr'><strong><em>exlongo</em></strong></span> <span class='ocrx_word' id='word_1_144' title='bbox 1338 2277 1442 2348; x_wconf 89' lang='lat' dir='ltr'><strong><em>inter·</em></strong></span> 
     </span>
     <span class='ocr_line' id='line_1_18' title="bbox 213 2401 1442 2498; baseline -0.001 -25"><span class='ocrx_word' id='word_1_145' title='bbox 213 2402 305 2474; x_wconf 88' lang='lat' dir='ltr'><strong><em>uallo</em></strong></span> <span class='ocrx_word' id='word_1_146' title='bbox 329 2413 491 2498; x_wconf 88' lang='lat' dir='ltr'><strong><em>quartum</em></strong></span> <span class='ocrx_word' id='word_1_147' title='bbox 518 2403 657 2476; x_wconf 86' lang='lat' dir='ltr'><strong><em>addere.</em></strong></span> <span class='ocrx_word' id='word_1_148' title='bbox 709 2404 798 2476; x_wconf 91' lang='lat' dir='ltr'><strong><em>Post</em></strong></span> <span class='ocrx_word' id='word_1_149' title='bbox 824 2427 995 2476; x_wconf 88' lang='lat' dir='ltr'><strong><em>sermones</em></strong></span> <span class='ocrx_word' id='word_1_150' title='bbox 1023 2401 1104 2475; x_wconf 77' lang='lat' dir='ltr'><strong><em>aeri</em></strong></span> <span class='ocrx_word' id='word_1_151' title='bbox 1134 2403 1238 2474; x_wconf 84' lang='lat' dir='ltr'><strong><em>lectos</em></strong></span> <span class='ocrx_word' id='word_1_152' title='bbox 1266 2401 1442 2497; x_wconf 85' lang='lat' dir='ltr'><strong><em>quasdam,</em></strong></span> 
     </span>
     <span class='ocr_line' id='line_1_19' title="bbox 215 2525 1443 2623; baseline -0.001 -25"><span class='ocrx_word' id='word_1_153' title='bbox 215 2525 347 2598; x_wconf 87' lang='lat' dir='ltr'><strong><em>nullam</em></strong></span> <span class='ocrx_word' id='word_1_154' title='bbox 365 2525 420 2598; x_wconf 86' lang='lat' dir='ltr'><strong><em>sui</em></strong></span> <span class='ocrx_word' id='word_1_155' title='bbox 444 2527 646 2599; x_wconf 86' lang='lat' dir='ltr'><strong><em>mentionem</em></strong></span> <span class='ocrx_word' id='word_1_156' title='bbox 662 2526 805 2623; x_wconf 93' lang='lat' dir='ltr'><strong><em>sactam</em></strong></span> <span class='ocrx_word' id='word_1_157' title='bbox 824 2527 876 2600; x_wconf 89' lang='lat' dir='ltr'><strong><em>ita</em></strong></span> <span class='ocrx_word' id='word_1_158' title='bbox 893 2527 940 2600; x_wconf 86' lang='lat' dir='ltr'><strong><em>sit</em></strong></span> <span class='ocrx_word' id='word_1_159' title='bbox 960 2539 1117 2623; x_wconf 86' lang='lat' dir='ltr'><strong><em>questus:</em></strong></span> <span class='ocrx_word' id='word_1_160' title='bbox 1142 2527 1284 2599; x_wconf 87' lang='lat' dir='ltr'><strong><em>Iratum</em></strong></span> <span class='ocrx_word' id='word_1_161' title='bbox 1302 2549 1361 2598; x_wconf 92' lang='lat' dir='ltr'><strong><em>me</em></strong></span> <span class='ocrx_word' id='word_1_162' title='bbox 1379 2525 1443 2598; x_wconf 90' lang='lat' dir='ltr'><strong><em>tibi</em></strong></span> 
     </span>
     <span class='ocr_line' id='line_1_20' title="bbox 219 2641 1443 2747; baseline -0.002 -25"><span class='ocrx_word' id='word_1_163' title='bbox 219 2647 435 2746; x_wconf 77' lang='lat' dir='ltr'><strong><em>scito,qu6d</em></strong></span> <span class='ocrx_word' id='word_1_164' title='bbox 454 2651 584 2722; x_wconf 83' lang='lat' dir='ltr'><strong><em>non-in</em></strong></span> <span class='ocrx_word' id='word_1_165' title='bbox 601 2641 785 2747; x_wconf 87' lang='lat' dir='ltr'><strong><em>plerisque</em></strong></span> <span class='ocrx_word' id='word_1_166' title='bbox 803 2647 982 2747; x_wconf 91' lang='lat' dir='ltr'><strong><em>ejusmodi</em></strong></span> <span class='ocrx_word' id='word_1_167' title='bbox 999 2649 1142 2746; x_wconf 76' lang='lat' dir='ltr'><strong><em>scriptis</em></strong></span> <span class='ocrx_word' id='word_1_168' title='bbox 1160 2672 1283 2722; x_wconf 89' lang='lat' dir='ltr'><strong><em>meum</em></strong></span> <span class='ocrx_word' id='word_1_169' title='bbox 1302 2649 1443 2745; x_wconf 91' lang='lat' dir='ltr'><strong><em>potissi-</em></strong></span> 
     </span>
     <span class='ocr_line' id='line_1_21' title="bbox 216 2771 1441 2872; baseline -0.002 -25"><span class='ocrx_word' id='word_1_170' title='bbox 216 2777 319 2847; x_wconf 75' lang='lat' dir='ltr'><strong><em>mum</em></strong></span> <span class='ocrx_word' id='word_1_171' title='bbox 336 2773 507 2872; x_wconf 88' lang='lat' dir='ltr'><strong><em>loquaris.</em></strong></span> <span class='ocrx_word' id='word_1_172' title='bbox 560 2775 619 2848; x_wconf 92' lang='lat' dir='ltr'><strong><em>An</em></strong></span> <span class='ocrx_word' id='word_1_173' title='bbox 636 2775 772 2849; x_wconf 75' lang='lat' dir='ltr'><strong><em>vereris</em></strong></span> <span class='ocrx_word' id='word_1_174' title='bbox 789 2799 837 2848; x_wconf 89' lang='lat' dir='ltr'><strong><em>ne</em></strong></span> <span class='ocrx_word' id='word_1_175' title='bbox 854 2774 953 2871; x_wconf 88' lang='lat' dir='ltr'><strong><em>apud</em></strong></span> <span class='ocrx_word' id='word_1_176' title='bbox 970 2781 1137 2872; x_wconf 88' lang='lat' dir='ltr'><strong><em>posteros</em></strong></span> <span class='ocrx_word' id='word_1_177' title='bbox 1154 2772 1289 2846; x_wconf 77' lang='lat' dir='ltr'><strong><em>infame</em></strong></span> <span class='ocrx_word' id='word_1_178' title='bbox 1303 2771 1367 2845; x_wconf 92' lang='lat' dir='ltr'><strong><em>tibi</em></strong></span> <span class='ocrx_word' id='word_1_179' title='bbox 1385 2773 1441 2860; x_wconf 92' lang='lat' dir='ltr'><strong><em>sit,</em></strong></span> 
     </span>
     <span class='ocr_line' id='line_1_22' title="bbox 216 2896 1442 2998; baseline -0.004 -26"><span class='ocrx_word' id='word_1_180' title='bbox 216 2899 317 2997; x_wconf 82' lang='lat' dir='ltr'><strong><em>quod</em></strong></span> <span class='ocrx_word' id='word_1_181' title='bbox 335 2899 489 2973; x_wconf 90' lang='lat' dir='ltr'><strong><em>videaris</em></strong></span> <span class='ocrx_word' id='word_1_182' title='bbox 513 2899 698 2974; x_wconf 81' lang='lat' dir='ltr'><strong><em>familiaris</em></strong></span> <span class='ocrx_word' id='word_1_183' title='bbox 719 2899 823 2994; x_wconf 86' lang='lat' dir='ltr'><strong><em>nobis</em></strong></span> <span class='ocrx_word' id='word_1_184' title='bbox 849 2903 956 2978; x_wconf 76' lang='lat' dir='ltr'><strong><em>esse?</em></strong></span> <span class='ocrx_word' id='word_1_185' title='bbox 981 2898 1237 2998; x_wconf 79' lang='lat' dir='ltr'><strong><em>Expressitque</em></strong></span> <span class='ocrx_word' id='word_1_186' title='bbox 1255 2896 1442 2993; x_wconf 86' lang='lat' dir='ltr'><strong><em>Eclagam,</em></strong></span> 
     </span>
     <span class='ocr_line' id='line_1_23' title="bbox 218 3025 564 3123; baseline -0.006 -25"><span class='ocrx_word' id='word_1_187' title='bbox 218 3027 315 3123; x_wconf 82' lang='lat' dir='ltr'><strong><em>cujus</em></strong></span> <span class='ocrx_word' id='word_1_188' title='bbox 333 3025 470 3101; x_wconf 87' lang='lat' dir='ltr'><strong><em>initium</em></strong></span> <span class='ocrx_word' id='word_1_189' title='bbox 487 3037 564 3110; x_wconf 85' lang='lat' dir='ltr'><strong><em>est;</em></strong></span> 
     </span>
    </p>
   </div>
   <div class='ocr_carea' id='block_1_3' title="bbox 437 3281 1220 3676">
    <p class='ocr_par' dir='ltr' id='par_1_3' title="bbox 438 3281 1121 3363">
     <span class='ocr_line' id='line_1_24' title="bbox 438 3281 1121 3363; baseline -0.001 -20"><span class='ocrx_word' id='word_1_190' title='bbox 438 3283 539 3350; x_wconf 86' lang='lat' dir='ltr'><strong><em>Quum</em></strong></span> <span class='ocrx_word' id='word_1_191' title='bbox 554 3295 597 3343; x_wconf 85' lang='lat' dir='ltr'><strong><em>tot</em></strong></span> <span class='ocrx_word' id='word_1_192' title='bbox 610 3284 753 3344; x_wconf 85' lang='lat' dir='ltr'><strong><em>sustineas</em></strong></span> <span class='ocrx_word' id='word_1_193' title='bbox 766 3295 796 3344; x_wconf 89' lang='lat' dir='ltr'><strong><em>et</em></strong></span> <span class='ocrx_word' id='word_1_194' title='bbox 809 3295 890 3344; x_wconf 83' lang='lat' dir='ltr'><strong><em>tauta</em></strong></span> <span class='ocrx_word' id='word_1_195' title='bbox 903 3281 1020 3363; x_wconf 80' lang='lat' dir='ltr'><strong><em>negotis</em></strong></span> <span class='ocrx_word' id='word_1_196' title='bbox 1031 3281 1121 3352; x_wconf 84' lang='lat' dir='ltr'><strong><em>solus,</em></strong></span> 
     </span>
    </p>

    <p class='ocr_par' dir='ltr' id='par_1_4' title="bbox 437 3388 1220 3676">
     <span class='ocr_line' id='line_1_25' title="bbox 438 3388 1083 3460; baseline 0 -14"><span class='ocrx_word' id='word_1_197' title='bbox 438 3389 498 3447; x_wconf 86' lang='lat' dir='ltr'><strong><em>Res</em></strong></span> <span class='ocrx_word' id='word_1_198' title='bbox 514 3388 603 3448; x_wconf 83' lang='lat' dir='ltr'><strong><em>Italas</em></strong></span> <span class='ocrx_word' id='word_1_199' title='bbox 617 3390 705 3449; x_wconf 68' lang='lat' dir='ltr'><strong><em>umis</em></strong></span> <span class='ocrx_word' id='word_1_200' title='bbox 719 3389 832 3460; x_wconf 86' lang='lat' dir='ltr'><strong><em>tuteris,</em></strong></span> <span class='ocrx_word' id='word_1_201' title='bbox 844 3389 973 3449; x_wconf 80' lang='lat' dir='ltr'><strong><em>moribus</em></strong></span> <span class='ocrx_word' id='word_1_202' title='bbox 987 3407 1083 3456; x_wconf 85' lang='lat' dir='ltr'><strong><em>ornes,</em></strong></span> 
     </span>
     <span class='ocr_line' id='line_1_26' title="bbox 437 3493 1220 3575; baseline -0.004 -24"><span class='ocrx_word' id='word_1_203' title='bbox 437 3493 566 3572; x_wconf 78' lang='lat' dir='ltr'><strong><em>Legibus</em></strong></span> <span class='ocrx_word' id='word_1_204' title='bbox 582 3494 735 3553; x_wconf 80' lang='lat' dir='ltr'><strong><em>emendes:</em></strong></span> <span class='ocrx_word' id='word_1_205' title='bbox 756 3493 785 3552; x_wconf 93' lang='lat' dir='ltr'><strong><em>in</em></strong></span> <span class='ocrx_word' id='word_1_206' title='bbox 798 3493 914 3575; x_wconf 82' lang='lat' dir='ltr'><strong><em>publiea</em></strong></span> <span class='ocrx_word' id='word_1_207' title='bbox 927 3493 1079 3552; x_wconf 85' lang='lat' dir='ltr'><strong><em>commoda</em></strong></span> <span class='ocrx_word' id='word_1_208' title='bbox 1094 3509 1220 3568; x_wconf 87' lang='lat' dir='ltr'><strong><em>peccem,</em></strong></span> 
     </span>
     <span class='ocr_line' id='line_1_27' title="bbox 439 3593 1172 3676; baseline -0.005 -20"><span class='ocrx_word' id='word_1_209' title='bbox 439 3599 470 3656; x_wconf 90' lang='lat' dir='ltr'><strong><em>Si</em></strong></span> <span class='ocrx_word' id='word_1_210' title='bbox 486 3599 573 3676; x_wconf 85' lang='lat' dir='ltr'><strong><em>longo</em></strong></span> <span class='ocrx_word' id='word_1_211' title='bbox 587 3618 720 3658; x_wconf 85' lang='lat' dir='ltr'><strong><em>sermone</em></strong></span> <span class='ocrx_word' id='word_1_212' title='bbox 734 3618 830 3658; x_wconf 88' lang='lat' dir='ltr'><strong><em>morer</em></strong></span> <span class='ocrx_word' id='word_1_213' title='bbox 845 3609 895 3658; x_wconf 87' lang='lat' dir='ltr'><strong><em>tua</em></strong></span> <span class='ocrx_word' id='word_1_214' title='bbox 908 3609 1047 3676; x_wconf 84' lang='lat' dir='ltr'><strong><em>tempora,</em></strong></span> <span class='ocrx_word' id='word_1_215' title='bbox 1062 3593 1172 3654; x_wconf 81' lang='lat' dir='ltr'><strong><em>Caesar.</em></strong></span> 
     </span>
    </p>
   </div>
   <div class='ocr_carea' id='block_1_4' title="bbox 216 3768 1438 4502">
    <p class='ocr_par' dir='ltr' id='par_1_5' title="bbox 216 3768 1438 4502">
     <span class='ocr_line' id='line_1_28' title="bbox 217 3768 1438 3875; baseline -0.007 -25"><span class='ocrx_word' id='word_1_216' title='bbox 217 3778 357 3850; x_wconf 81' lang='lat' dir='ltr'><strong><em>Habitu</em></strong></span> <span class='ocrx_word' id='word_1_217' title='bbox 380 3779 535 3875; x_wconf 86' lang='lat' dir='ltr'><strong><em>carparis</em></strong></span> <span class='ocrx_word' id='word_1_218' title='bbox 557 3778 668 3851; x_wconf 80' lang='lat' dir='ltr'><strong><em>breuis</em></strong></span> <span class='ocrx_word' id='word_1_219' title='bbox 683 3778 775 3875; x_wconf 86' lang='lat' dir='ltr'><strong><em>suit,</em></strong></span> <span class='ocrx_word' id='word_1_220' title='bbox 797 3789 901 3874; x_wconf 88' lang='lat' dir='ltr'><strong><em>atque</em></strong></span> <span class='ocrx_word' id='word_1_221' title='bbox 918 3777 1061 3859; x_wconf 72' lang='lat' dir='ltr'><strong><em>abessa:</em></strong></span> <span class='ocrx_word' id='word_1_222' title='bbox 1090 3775 1204 3872; x_wconf 86' lang='lat' dir='ltr'><strong><em>qualis</em></strong></span> <span class='ocrx_word' id='word_1_223' title='bbox 1227 3785 1261 3846; x_wconf 91' lang='lat' dir='ltr'><strong><em>et</em></strong></span> <span class='ocrx_word' id='word_1_224' title='bbox 1286 3768 1438 3843; x_wconf 80' lang='lat' dir='ltr'><strong><em>asemel·</em></strong></span> 
     </span>
     <span class='ocr_line' id='line_1_29' title="bbox 217 3893 1436 4001; baseline -0.009 -26"><span class='ocrx_word' id='word_1_225' title='bbox 217 3905 291 3999; x_wconf 86' lang='lat' dir='ltr'><strong><em>ipsa</em></strong></span> <span class='ocrx_word' id='word_1_226' title='bbox 326 3904 362 3975; x_wconf 91' lang='lat' dir='ltr'><strong><em>in</em></strong></span> <span class='ocrx_word' id='word_1_227' title='bbox 393 3903 534 4001; x_wconf 77' lang='lat' dir='ltr'><strong><em>Satyris</em></strong></span> <span class='ocrx_word' id='word_1_228' title='bbox 565 3903 783 3990; x_wconf 85' lang='lat' dir='ltr'><strong><em>describitur,</em></strong></span> <span class='ocrx_word' id='word_1_229' title='bbox 824 3913 859 3974; x_wconf 91' lang='lat' dir='ltr'><strong><em>et</em></strong></span> <span class='ocrx_word' id='word_1_230' title='bbox 891 3899 935 3973; x_wconf 89' lang='lat' dir='ltr'><strong><em>ab</em></strong></span> <span class='ocrx_word' id='word_1_231' title='bbox 965 3901 1129 4000; x_wconf 78' lang='lat' dir='ltr'><strong><em>Augusto</em></strong></span> <span class='ocrx_word' id='word_1_232' title='bbox 1158 3897 1223 3971; x_wconf 86' lang='lat' dir='ltr'><strong><em>luic</em></strong></span> <span class='ocrx_word' id='word_1_233' title='bbox 1255 3893 1436 3992; x_wconf 82' lang='lat' dir='ltr'><strong><em>Epistolci:</em></strong></span> 
     </span>
     <span class='ocr_line' id='line_1_30' title="bbox 219 4021 1435 4124; baseline -0.008 -24"><span class='ocrx_word' id='word_1_234' title='bbox 219 4025 374 4100; x_wconf 85' lang='lat' dir='ltr'><strong><em>Pertulit</em></strong></span> <span class='ocrx_word' id='word_1_235' title='bbox 403 4027 450 4100; x_wconf 88' lang='lat' dir='ltr'><strong><em>ad</em></strong></span> <span class='ocrx_word' id='word_1_236' title='bbox 481 4049 540 4099; x_wconf 89' lang='lat' dir='ltr'><strong><em>me</em></strong></span> <span class='ocrx_word' id='word_1_237' title='bbox 573 4025 771 4124; x_wconf 87' lang='lat' dir='ltr'><strong><em>Dionysius</em></strong></span> <span class='ocrx_word' id='word_1_238' title='bbox 801 4024 964 4099; x_wconf 91' lang='lat' dir='ltr'><strong><em>libellum</em></strong></span> <span class='ocrx_word' id='word_1_239' title='bbox 995 4034 1114 4112; x_wconf 89' lang='lat' dir='ltr'><strong><em>tuum,</em></strong></span> <span class='ocrx_word' id='word_1_240' title='bbox 1143 4047 1253 4120; x_wconf 90' lang='lat' dir='ltr'><strong><em>quem</em></strong></span> <span class='ocrx_word' id='word_1_241' title='bbox 1284 4045 1351 4118; x_wconf 83' lang='lat' dir='ltr'><strong><em>ego</em></strong></span> <span class='ocrx_word' id='word_1_242' title='bbox 1379 4021 1435 4113; x_wconf 90' lang='lat' dir='ltr'><strong><em>(ne</em></strong></span> 
     </span>
     <span class='ocr_line' id='line_1_31' title="bbox 217 4143 1435 4248; baseline -0.01 -22"><span class='ocrx_word' id='word_1_243' title='bbox 217 4175 388 4226; x_wconf 87' lang='lat' dir='ltr'><strong><em>accusem</em></strong></span> <span class='ocrx_word' id='word_1_244' title='bbox 417 4151 650 4247; x_wconf 87' lang='lat' dir='ltr'><strong><em>brevitatem)</em></strong></span> <span class='ocrx_word' id='word_1_245' title='bbox 682 4149 1028 4248; x_wconf 84' lang='lat' dir='ltr'><strong><em>quantuluscunque</em></strong></span> <span class='ocrx_word' id='word_1_246' title='bbox 1060 4157 1128 4234; x_wconf 87' lang='lat' dir='ltr'><strong><em>est,</em></strong></span> <span class='ocrx_word' id='word_1_247' title='bbox 1163 4146 1250 4219; x_wconf 92' lang='lat' dir='ltr'><strong><em>boni</em></strong></span> <span class='ocrx_word' id='word_1_248' title='bbox 1285 4143 1435 4217; x_wconf 89' lang='lat' dir='ltr'><strong><em>consulo.</em></strong></span> 
     </span>
     <span class='ocr_line' id='line_1_32' title="bbox 218 4269 1435 4372; baseline -0.008 -22"><span class='ocrx_word' id='word_1_249' title='bbox 218 4279 345 4352; x_wconf 88' lang='lat' dir='ltr'><strong><em>Vereri</em></strong></span> <span class='ocrx_word' id='word_1_250' title='bbox 372 4286 496 4352; x_wconf 85' lang='lat' dir='ltr'><strong><em>autem</em></strong></span> <span class='ocrx_word' id='word_1_251' title='bbox 520 4277 610 4351; x_wconf 89' lang='lat' dir='ltr'><strong><em>mihi</em></strong></span> <span class='ocrx_word' id='word_1_252' title='bbox 629 4276 759 4350; x_wconf 85' lang='lat' dir='ltr'><strong><em>videris</em></strong></span> <span class='ocrx_word' id='word_1_253' title='bbox 783 4301 829 4349; x_wconf 91' lang='lat' dir='ltr'><strong><em>ne</em></strong></span> <span class='ocrx_word' id='word_1_254' title='bbox 853 4275 1011 4372; x_wconf 86' lang='lat' dir='ltr'><strong><em>majores</em></strong></span> <span class='ocrx_word' id='word_1_255' title='bbox 1028 4272 1140 4346; x_wconf 92' lang='lat' dir='ltr'><strong><em>libelli</em></strong></span> <span class='ocrx_word' id='word_1_256' title='bbox 1157 4272 1211 4346; x_wconf 92' lang='lat' dir='ltr'><strong><em>tui</em></strong></span> <span class='ocrx_word' id='word_1_257' title='bbox 1235 4269 1319 4356; x_wconf 88' lang='lat' dir='ltr'><strong><em>sint,</em></strong></span> <span class='ocrx_word' id='word_1_258' title='bbox 1335 4271 1435 4366; x_wconf 77' lang='lat' dir='ltr'><strong><em>quim</em></strong></span> 
     </span>
     <span class='ocr_line' id='line_1_33' title="bbox 216 4396 1433 4502; baseline -0.01 -25"><span class='ocrx_word' id='word_1_259' title='bbox 216 4405 292 4502; x_wconf 89' lang='lat' dir='ltr'><strong><em>ipse</em></strong></span> <span class='ocrx_word' id='word_1_260' title='bbox 319 4429 370 4492; x_wconf 91' lang='lat' dir='ltr'><strong><em>es,</em></strong></span> <span class='ocrx_word' id='word_1_261' title='bbox 399 4403 463 4478; x_wconf 87' lang='lat' dir='ltr'><strong><em>sed</em></strong></span> <span class='ocrx_word' id='word_1_262' title='bbox 490 4403 519 4477; x_wconf 87' lang='lat' dir='ltr'><strong><em>si</em></strong></span> <span class='ocrx_word' id='word_1_263' title='bbox 543 4403 608 4476; x_wconf 90' lang='lat' dir='ltr'><strong><em>tibi</em></strong></span> <span class='ocrx_word' id='word_1_264' title='bbox 631 4410 772 4477; x_wconf 87' lang='lat' dir='ltr'><strong><em>statura</em></strong></span> <span class='ocrx_word' id='word_1_265' title='bbox 799 4403 914 4490; x_wconf 87' lang='lat' dir='ltr'><strong><em>deest,</em></strong></span> <span class='ocrx_word' id='word_1_266' title='bbox 943 4399 1203 4499; x_wconf 87' lang='lat' dir='ltr'><strong><em>corpusculum</em></strong></span> <span class='ocrx_word' id='word_1_267' title='bbox 1231 4421 1306 4471; x_wconf 91' lang='lat' dir='ltr'><strong><em>non</em></strong></span> <span class='ocrx_word' id='word_1_268' title='bbox 1331 4396 1433 4470; x_wconf 85' lang='lat' dir='ltr'><strong><em>deest.</em></strong></span> 
     </span>
    </p>
   </div>
   <div class='ocr_carea' id='block_1_5' title="bbox 0 0 1509 4898">
    <p class='ocr_par' dir='ltr' id='par_1_6' title="bbox 0 0 1509 4898">
     <span class='ocr_line' id='line_1_34' title="bbox 0 0 1509 4898; baseline 0 0"><span class='ocrx_word' id='word_1_269' title='bbox 0 0 1509 4898; x_wconf 95' lang='lat' dir='ltr'><strong><em> </em></strong></span> 
     </span>
    </p>
   </div>
  </div>
 </body>
</html>
