2984 4898
494 238 690 304 HORATII
712 239 831 304 VITA.
1237 234 1281 297 vii

69 423 185 520 itaque
201 423 322 498 licebit
337 423 375 498 in
393 424 590 499 sextariolo
609 427 758 515 scribas,
770 449 887 524 quum
900 424 1074 500 circuitus
1086 421 1280 498 voluminis

64 549 113 620 tui
129 549 175 636 sit
190 549 439 646 ὀγκωδέστατος,
458 548 553 624 sicut
570 559 628 625 est
645 551 835 626 ventriculi
857 549 921 624 tui.
1307 531 1313 542 ’

113 671 206 746 Vna
224 673 417 770 pturinnim
442 673 478 746 in
502 698 635 747 secessu
659 675 754 748 ruris
770 675 824 748 sui
841 675 978 762 Sabini,
995 686 1057 748 ont
1079 671 1280 748 Tiburtini:

63 795 233 894 bacaque
248 799 322 894 ejus
339 798 535 880 ostenditur
551 799 645 872 circa
665 799 812 872 Tiburni
829 801 991 873 luculum.

111 921 279 996 Veneaunt
295 923 332 996 in
349 949 470 996 ananus
488 947 582 996 meas
600 935 634 998 et
650 924 775 1022 Elegi,
797 923 858 998 sub
881 925 955 1022 eju
980 923 1095 1010 titulo,
1119 935 1154 996 et
1170 921 1280 1019 Epis-

63 1044 127 1118 tola
146 1044 256 1142 prasci
281 1048 452 1134 oratione,
474 1048 578 1144 quasi
602 1049 870 1123 commendantis
895 1074 931 1123 se
953 1047 1157 1122 Maecenati.
1209 1047 1283 1119 Sed
1294 1045 1298 1054 '

64 1181 193 1266 araque
216 1170 326 1266 salsa
350 1183 468 1268 pota:
499 1196 580 1245 nam
605 1173 718 1270 Elegi
746 1173 939 1271 uulgares;
970 1171 1139 1269 Epistola
1165 1182 1279 1244 autem

65 1294 192 1367 uuam
200 1321 216 1378 ;
241 1321 312 1392 qno
329 1295 413 1368 nitio
426 1296 565 1370 asiniani
581 1297 771 1371 tenebatur.
823 1297 944 1371 Natus
961 1309 1014 1370 est
1033 1296 1097 1368 VI.
1117 1295 1174 1368 Id.
1189 1295 1278 1368 Dec.

65 1417 101 1490 a.
119 1417 222 1491 caan
243 1430 280 1492 a
301 1418 347 1491 a.
371 1419 551 1516 nuqua
572 1419 788 1495 amusan.
841 1395 1002 1495 accesso
1026 1419 1067 1492 V.
1085 1418 1171 1492 aaa.
1190 1418 1279 1491 aa.

68 1542 100 1613 C.
121 1542 261 1616 Marcio
296 1542 485 1616 Ceanorina
516 1556 551 1617 et
584 1545 625 1618 0.
653 1545 781 1619 Asinio
816 1545 924 1619 Gallo
953 1542 1170 1627 Consulibus,
1195 1553 1280 1637 post

65 1690 171 1739 nomam
197 1679 232 1741 et
263 1667 585 1766 quinquagesimum
618 1693 746 1742 annum
758 1695 773 1752 ,·
801 1669 937 1742 boerede
965 1668 1131 1765 Augusto
1155 1663 1280 1762 poldon

65 1803 254 1889 unuapoto,
291 1817 407 1890 quum,
441 1805 589 1890 urgente
617 1793 652 1866 oi
682 1792 902 1880 ualetudinis,
934 1817 1002 1865 non
1033 1789 1203 1888 sufficeret
1233 1790 1283 1860 ad

65 1915 283 2012 obsignandas
315 1917 511 1990 testamenti
543 1917 690 1990 tabulas.
757 1917 937 1990 Haimatos
972 1929 1006 1990 et
1040 1915 1196 1989 conditas
1229 1926 1280 1986 est

65 2042 209 2115 extremis
225 2041 416 2139 Esquiliis,
428 2043 541 2139 juata
558 2042 767 2116 Maecenatis
786 2041 964 2115 tumulum.
